% This file was created with Citavi 6.12.0.0
%Anleitung siehe: https://www.youtube.com/watch?v=kbvf01ExKVU




@misc{.2014,
 title = {EU-Richtlinie 2014/68/EU vom 15. Mai 2014 zur Harmonisierung der Rechtsvorschriften der Mitgliedstaaten {\"u}ber die Bereitstellung von Druckger{\"a}ten auf dem Markt: EU-Richtlinie 2014/68/EU vom 15. Mai 2014},
 year = {2014}
}


@book{Engelmann.2019,
 year = {2019},
 title = {Maschinenelemente kompakt: Auswahl, Gestaltung und Dimensionierung in Theorie und Praxis},
 address = {Heidelberg},
 publisher = {{Springer Fachmedien}},
 editor = {Engelmann, Frank}
}


@incollection{Engelmann.2019b,
 author = {Engelmann, Frank and Guthmann, Thomas},
 title = {Dichtungen},
 pages = {143--156},
 publisher = {{Springer Fachmedien}},
 editor = {Engelmann, Frank},
 booktitle = {Maschinenelemente kompakt},
 year = {2019},
 address = {Heidelberg}
}


@book{Gomeringer.2020,
 author = {Gomeringer, Roland and Kilgus, Roland and Menges, Volker and Oesterle, Stefan and Rapp, Thomas and Scholer, Claudius and Stenzel, Andreas and Stephan, Andreas and Wieneke, Falko},
 year = {2020},
 title = {Tabellenbuch Metall: Mit Formelsammlung},
 address = {Haan-Gruiten},
 edition = {48., neu bearbeitete und erweiterte Auflage, korrigierter Nachdruck},
 publisher = {Europa-Lehrmittel},
 isbn = {9783808517284},
 series = {Europa-Fachbuchreihe f{\"u}r Metallberufe}
}


@incollection{Heeg.2008,
 author = {Heeg, Peter and {von Woedtke}, Thomas},
 title = {Dampfsterilisation},
 pages = {58--74},
 publisher = {{Georg Thieme Verlag}},
 editor = {Wallh{\"a}usser, Karl Heinz},
 booktitle = {Wallh{\"a}u{\ss}ers Praxis der Sterilisation, Desinfektion, Antiseptik und Konservierung},
 year = {2008},
 address = {Stuttgart}
}


@book{Herz.2004,
 author = {Herz, Rolf},
 year = {2004},
 title = {Grundlagen der Rohrleitungs- und Apparatetechnik},
 address = {Essen},
 edition = {2. Auflage},
 publisher = {Vulkan-Verlag}
}


@misc{JanzenHabetz.2021,
 author = {Janzen-Habetz, Manfred and St{\"u}tzel, Rainer},
 editor = {{BEKO TECHNOLOGIES GMBH}},
 year = {2021},
 title = {CLEARPOINT{\circledR} Steril- {\&} Dampffilter},
 url = {https://www.sartorius.com/shop/ww/de/eur/bioprocess-products-and-services-filtration-and-purification-technologies-air%7cgas-filtration-small-scale-sterile-venting/midisart-2000/p/17804----------E},
 address = {Neuss},
 urldate = {27.12.2021}
}


@book{Klupfel.2022,
 author = {Kl{\"u}pfel, Volker and Kobr, Michael},
 year = {2022},
 title = {Affenhitze: Kluftingers neuer Fall},
 price = {Festeinband : EUR 24.99 (DE), EUR 25.70 (AT), CHF 28.50 (freier Preis)},
 address = {Berlin},
 volume = {12},
 publisher = {Ullstein},
 isbn = {9783550201462},
 series = {Kluftinger-Krimis},
 institution = {{Ullstein Buchverlage GmbH}},
 doi = {Volker}
}


@book{Konstantin.2018,
 author = {Konstantin, Panos},
 year = {2018},
 title = {Praxisbuch der Fernw{\"a}rmeversorgung: Systeme, Netzaufbauvarianten, Kraft-W{\"a}rme-Kopplung, Kostenstrukturen und Preisbildung},
 url = {http://nbn-resolving.org/urn:nbn:de:bsz:31-epflicht-1526652},
 address = {Berlin, Heidelberg},
 edition = {1. Auflage},
 publisher = {{Springer Vieweg Verlag}},
 isbn = {9783662559116}
}


@misc{Kuppers.2021,
 author = {K{\"u}ppers, Andreas},
 year = {2021},
 title = {Unbefeuerte Dr{\"u}ckger{\"a}te: Wesentliche Sicherheitsanforderungen Anhang 1 der Durchger{\"a}terichtlinie},
 url = {http://www.druckgeraete-online.de/seiten/frameset2.htm},
 address = {Waldfeucht},
 urldate = {24.12.2021},
 edition = {lalaa/2021}
}


@misc{Leuschner.o.J.,
 author = {Leuschner, Udo},
 year = {o. J.},
 title = {Kondensation erh{\"o}ht den Wirkungsgrad - wozu K{\"u}hlt{\"u}rme dienen},
 url = {https://www.udo-leuschner.de/basiswissen/SB105-05.htm},
 address = {Heidelberg},
 urldate = {27.12.2021},
 series = {Energiewissen}
}


@incollection{Machmerth.2008,
 author = {Machmerth, Rolf M.},
 title = {Definition der Sterilisation und Anforderungen an Verfahren},
 urldate = {2021-11-05},
 pages = {49--54},
 publisher = {{Georg Thieme Verlag}},
 editor = {Wallh{\"a}usser, Karl Heinz},
 booktitle = {Wallh{\"a}u{\ss}ers Praxis der Sterilisation, Desinfektion, Antiseptik und Konservierung},
 year = {2008},
 address = {Stuttgart}
}


@misc{o.V..2011,
 author = {o.V.},
 editor = {{Armstrong International SA}},
 year = {2011},
 title = {Dampf- und Kondensat- Handbuch: Nachschlagewerk f{\"u}r Planer und Betreiber von Dampfanlagen},
 url = {https://fgysi.ch/uploads/documents/sites/1-D-Dampf-Kond-Handbuch-Franz-Gysi-AG-Suhr-Schweiz.pdf},
 address = {Saarbr{\"u}cken},
 urldate = {28.12.2021}
}


@misc{o.V..2020,
 author = {o.V.},
 editor = {{Sartorius Stedim Biotech GmbH}},
 year = {2020},
 title = {Midisart{\circledR} 2000 - Ready-To-Use Filter for Sterilizing Gases and Venting},
 url = {https://www.sartorius.com/shop/ww/de/eur/bioprocess-products-and-services-filtration-and-purification-technologies-air%7cgas-filtration-small-scale-sterile-venting/midisart-2000/p/17804----------E},
 address = {G{\"o}ttingen},
 urldate = {24.12.2021},
 edition = {Index: 10/2020}
}


@misc{o.V..2021,
 author = {o.V.},
 editor = {{Nieruf GmbH}},
 year = {2021},
 title = {Datenblatt Dampf-Druckminderer aus Edelstahl TYP DM18},
 url = {https://www.nieruf.de/Dampf-Druckminderer-1-2-Zoll?c=0},
 address = {Stuttgart},
 urldate = {23.12.2021},
 edition = {Index: 06/2021}
}


@misc{o.V..2021b,
 author = {o.V.},
 editor = {{Nieruf GmbH}},
 year = {2021},
 title = {Datenblatt Eck-Sicherheitsventil TYP SV07 / SV08 / SV09 / SV10},
 url = {https://www.nieruf.de/Sicherheitsventil-1-2-x-1-SV09-gasfoermige-Medien-Edelstahl-PTFE?c=89},
 address = {Stuttgart},
 urldate = {23.12.2021},
 edition = {Index: 04/2021}
}


@misc{Paschotta.2014,
 author = {Paschotta, R{\"u}diger},
 year = {2014},
 title = {Wasserdampf},
 url = {https://www.energie-lexikon.info/wasserdampf.html},
 urldate = {05.11.2021},
 edition = {Index: 22/12/2014}
}


@misc{Richter.o.J.,
 author = {Richter, Bernhard},
 editor = {{O-Ring Pr{\"u}flabor Richter}},
 year = {o. J.},
 title = {O-Ringe in Hei{\ss}wasser und Dampf - ein Problemfall f{\"u}r viele Anwender},
 url = {https://fgysi.ch/uploads/documents/sites/1-D-Dampf-Kond-Handbuch-Franz-Gysi-AG-Suhr-Schweiz.pdf},
 address = {Gro{\ss}bottwar},
 urldate = {28.12.2021}
}


@book{Scholz.2012,
 abstract = {Von einem erfahrenen Praktiker geschrieben, liefert der Band sowohl das theoretische als auch das praktische Wissen f{\"u}r die Planung und Ausf{\"u}hrung von Rohrleitungen und Versorgungsrohrnetzen f{\"u}r Hochdruckdampf, Hei{\ss}wasser, Druckluft und K{\"u}hlwasser. Der Autor leitet die str{\"o}mungstechnischen und konstruktiven Grundlagen sowie alle f{\"u}r den Rohrleitungs- und den Apparatebau erforderlichen Berechnungsverfahren her und demonstriert ihre Anwendung in vollst{\"a}ndig durchgerechneten Beispielen. Das Buch enth{\"a}lt Tabellen mit Stoffwerten sowie Arbeitsdiagramme.


Intro -- Vorwort -- Inhalt -- Kapitel 1 Str{\"o}mungstechnische Berechnung von Rohrleitungsanlagen -- 1.1 Einleitung -- 1.2 Grundlagen f{\"u}r die Berechnung von Rohrnetzen f{\"u}r W{\"a}rmetr{\"a}ger -- 1.3 Druckverlust f{\"u}r die mit Reibung behaftete und volumenbest{\"a}ndige Rohrstr{\"o}mung von Fl{\"u}ssigkeiten -- 1.4 Druckverlust von Einzelwiderst{\"a}nden in Rohrnetzen -- 1.5 Druckverlustberechnung f{\"u}r kompressible Fluide -- 1.5.1 Druckverlust in Hochdruckdampfleitungen mit W{\"a}rmeverlusten -- 1.5.2 Druckverlust in Hochdruckgasleitungen -- 1.5.3 Druckverlust in Druckluftleitungen -- 1.6 Berechnungsbeispiele f{\"u}r den Abschn. 1.3 Inkompressible Str{\"o}mungsvorg{\"a}nge -- 1.7 Berechnungsbeispiele f{\"u}r das Kap. 1.5 Kompressible Str{\"o}mungsvorg{\"a}nge -- 1.7.1 Berechnung von Nieder- und Mitteldruckgasrohrnetzen -- 1.8 Grundlagen der Hydro- und Aerostatik -- 1.8.1 Stoffeigenschaften -- 1.8.2 Hydrostatischer Druck -- 1.8.3 Der hydrostatische Druck und seine Wirkung auf horizontale und vertikale Beh{\"a}lterfl{\"a}chen -- 1.8.4 Der Druckmittelpunkt bei vertikalen Fl{\"a}chen -- 1.8.5 Diskussion der Ergebnisse -- 1.8.6 Aerostatik -- 1.8.7 Der Auftrieb in Fl{\"u}ssigkeiten -- 1.8.8 Thermischer Auftrieb in Luft oder Gasen -- 1.9 Grunds{\"a}tze der Hydrodynamik -- 1.9.1 Die Kontinuit{\"a}tsgleichung -- 1.9.2 Die Energiegleichung der Str{\"o}mungslehre -- 1.9.3 Ausfluss von Fl{\"u}ssigkeiten aus einem Gef{\"a}{\ss} -- 1.9.4 Der Impulssatz -- 1.9.5 Der Impulsmomentensatz -- Literatur -- Kapitel 2 Grundlagen und Festigkeitsberechnung f{\"u}r den Rohrleitungsbau -- 2.1 Einleitung -- 2.2 Statische und elastostatische Berechnungen im Rohrleitungsbau -- 2.2.1 Allgemeine Grundlagen -- 2.2.2 Berechnungen der L{\"a}ngen{\"a}nderung und der Kr{\"a}fte, die bei behinderter Ausdehnung auftreten -- 2.2.3 Belastungsf{\"a}lle und Spannungsbeanspruchungen in Rohrleitungen -- 2.2.4 Berechnung von Rohrbogen-Dehnungsausgleichern.},
 author = {Scholz, G{\"u}nter},
 year = {2012},
 title = {Rohrleitungs- und Apparatebau: Planungshandbuch F{\"u}r Industrie- und Fernw{\"a}rmeversorgung},
 url = {https://ebookcentral.proquest.com/lib/kxp/detail.action?docID=968311},
 address = {Berlin, Heidelberg},
 edition = {1. Auflage},
 publisher = {{Springer Vieweg Verlag}},
 isbn = {9783642254253}
}


@book{Scholz.2013,
 author = {Scholz, G{\"u}nter},
 year = {2013},
 title = {Heisswasser- und Hochdruckdampfanlagen: Planungshandbuch f{\"u}r Industrie- und Fernw{\"a}rmeversorgung},
 url = {http://nbn-resolving.org/urn:nbn:de:bsz:31-epflicht-1517666},
 address = {Berlin, Heidelberg},
 publisher = {{Springer Vieweg Verlag}},
 isbn = {9783642365898}
}


@book{VerbandderTUVe.V..2020,
 author = {{Verband der T{\"U}V e.V.}},
 year = {2020},
 title = {AD2000 Regelwerk},
 address = {Berlin},
 edition = {12. Auflage},
 publisher = {{Beuth Verlag GmbH}},
 isbn = {978-3-410-29911-0},
 institution = {{Verband der T{\"U}V e.V.}}
}


@book{Wallhausser.2008,
 year = {2008},
 title = {Wallh{\"a}u{\ss}ers Praxis der Sterilisation, Desinfektion, Antiseptik und Konservierung: Qualit{\"a}tssicherung der Hygiene in Industrie, Pharmazie und Medizin},
 address = {Stuttgart},
 publisher = {{Georg Thieme Verlag}},
 editor = {Wallh{\"a}usser, Karl Heinz}
}


@book{Wittel.2021,
 abstract = {Konstruktionsgrundlagen -- Toleranzen und Passungen -- Festigkeitsberechnung -- Tribologie -- Kleb- und L{\"o}tverbindungen -- Schwei{\ss}verbindungen -- Nietverbindungen -- Schraubenverbindungen -- Bolzen- und Stiftverbindungen -- Elastische Federn -- Achsen, Wellen, Zapfen -- Wellen-Naben-Verbindungen -- Kupplungen -- Bremsen -- W{\"a}lz- und Gleitlager -- Riemen- und Kettengetriebe -- Rohrleitungen -- Dichtungen -- Zahnr{\"a}der und Zahnradgetriebe -- Au{\ss}enverzahnte Stirnr{\"a}der -- Kegelr{\"a}der -- Schraubrad- und Schneckengetriebe -- Umlaufgetriebe.


Umfassende Informationen, Normenaktualit{\"a}t, leichte Verst{\"a}ndlichkeit und schnelle Nutzbarkeit der Auslegungs- oder Berechnungsgleichungen erm{\"o}glichen die sofortige Dimensionierung von Bauteilen. Auf der Homepage finden sich interaktive Excel-Arbeitsbl{\"a}tter zu ausgesuchten Hauptkapiteln des Lehrbuchs zum Download. Die aktuelle Auflage wurde normenaktualisiert und in ein lesefreundlicheres Layout gebracht. Der Inhalt Konstruktionsgrundlagen - Toleranzen und Passungen - Festigkeitsberechnung - Tribologie - Kleb- und L{\"o}tverbindungen - Schwei{\ss}verbindungen - Nietverbindungen - Schraubenverbindungen - Bolzen- und Stiftverbindungen - Elastische Federn - Achsen, Wellen, Zapfen - Welle-Nabe-Verbindungen - Kupplungen - Bremsen - W{\"a}lz- und Gleitlager - Riemen- und Kettengetriebe - Rohrleitungen - Dichtungen - Zahnr{\"a}der und Zahnradgetriebe - Au{\ss}enverzahnte Stirnr{\"a}der - Kegelr{\"a}der - Schraubrad- und Schneckengetriebe - Umlaufgetriebe Die Zielgruppen Studierende, Techniker und Ingenieure des Maschinenbaus, die mit der Auslegung und Berechnung sowie ausgef{\"u}hrten Maschinenelementen in der Konstruktion zu tun haben. Die Autoren Dipl.-Ing. (FH) Herbert Wittel, OStR a. D., unterrichtete Konstruktionslehre und Maschinenelemente an der Fachschule Technik in Reutlingen. Prof. Dr.-Ing. Christian Spura lehrt an der Hochschule Hamm-Lippstadt die Gebiete Technische Mechanik, Maschinenelemente und Getriebetechnik. Prof. Dr.-Ing. Dieter Jannasch lehrte Konstruktion und Maschinenelemente an der Hochschule Augsburg.},
 author = {Wittel, Herbert and Spura, Christian and Jannasch, Dieter},
 year = {2021},
 title = {Roloff/Matek Maschinenelemente: Normung, Berechnung, Gestaltung},
 address = {Wiesbaden},
 edition = {25. Auflage},
 publisher = {{Springer Fachmedien}},
 isbn = {9783658341602},
 series = {Springer eBook Collection},
 doi = {10.1007/978-3-658-34160-2}
}


@book{Wittel.2021b,
 abstract = {Konstruktionsgrundlagen -- Toleranzen und Passungen -- Festigkeitsberechnung -- Tribologie -- Kleb- und L{\"o}tverbindungen -- Schwei{\ss}verbindungen -- Nietverbindungen -- Schraubenverbindungen -- Bolzen- und Stiftverbindungen -- Elastische Federn -- Achsen, Wellen, Zapfen -- Wellen-Naben-Verbindungen -- Kupplungen -- Bremsen -- W{\"a}lz- und Gleitlager -- Riemen- und Kettengetriebe -- Rohrleitungen -- Dichtungen -- Zahnr{\"a}der und Zahnradgetriebe -- Au{\ss}enverzahnte Stirnr{\"a}der -- Kegelr{\"a}der -- Schraubrad- und Schneckengetriebe -- Umlaufgetriebe.


Umfassende Informationen, Normenaktualit{\"a}t, leichte Verst{\"a}ndlichkeit und schnelle Nutzbarkeit der Auslegungs- oder Berechnungsgleichungen erm{\"o}glichen die sofortige Dimensionierung von Bauteilen. Auf der Homepage finden sich interaktive Excel-Arbeitsbl{\"a}tter zu ausgesuchten Hauptkapiteln des Lehrbuchs zum Download. Die aktuelle Auflage wurde normenaktualisiert und in ein lesefreundlicheres Layout gebracht. Der Inhalt Konstruktionsgrundlagen - Toleranzen und Passungen - Festigkeitsberechnung - Tribologie - Kleb- und L{\"o}tverbindungen - Schwei{\ss}verbindungen - Nietverbindungen - Schraubenverbindungen - Bolzen- und Stiftverbindungen - Elastische Federn - Achsen, Wellen, Zapfen - Welle-Nabe-Verbindungen - Kupplungen - Bremsen - W{\"a}lz- und Gleitlager - Riemen- und Kettengetriebe - Rohrleitungen - Dichtungen - Zahnr{\"a}der und Zahnradgetriebe - Au{\ss}enverzahnte Stirnr{\"a}der - Kegelr{\"a}der - Schraubrad- und Schneckengetriebe - Umlaufgetriebe Die Zielgruppen Studierende, Techniker und Ingenieure des Maschinenbaus, die mit der Auslegung und Berechnung sowie ausgef{\"u}hrten Maschinenelementen in der Konstruktion zu tun haben. Die Autoren Dipl.-Ing. (FH) Herbert Wittel, OStR a. D., unterrichtete Konstruktionslehre und Maschinenelemente an der Fachschule Technik in Reutlingen. Prof. Dr.-Ing. Christian Spura lehrt an der Hochschule Hamm-Lippstadt die Gebiete Technische Mechanik, Maschinenelemente und Getriebetechnik. Prof. Dr.-Ing. Dieter Jannasch lehrte Konstruktion und Maschinenelemente an der Hochschule Augsburg.},
 author = {Wittel, Herbert and Spura, Christian and Jannasch, Dieter},
 year = {2021},
 title = {Roloff/Matek Maschinenelemente Formelsammlung},
 address = {Wiesbaden},
 edition = {16. Auflage},
 publisher = {{Springer Vieweg}},
 isbn = {9783658341602},
 series = {Springer eBook Collection},
 doi = {10.1007/978-3-658-34160-2}
}


